
    <record>
        <leader>00000nz  a2200169   4500</leader>
        <controlfield tag="001">30061578</controlfield>
        <controlfield tag="003">RISM</controlfield>
        <controlfield tag="005">20160216</controlfield>
        <controlfield tag="008">160216n||az|||||||##########||||||||||||</controlfield>
        <datafield tag="040" ind1=" " ind2=" ">
            <subfield code="a">RA-BAn</subfield>
        </datafield>
        <datafield tag="043" ind1=" " ind2=" ">
            <subfield code="c">XD-AR</subfield>
        </datafield>
        <datafield tag="110" ind1="2" ind2=" ">
            <subfield code="a">Biblioteca Nacional</subfield>
            <subfield code="c">Buenos Aires</subfield>
            <subfield code="g">RA-BAn</subfield>
        </datafield>
        <datafield tag="622" ind1=" " ind2=" ">
            <subfield code="e">Biblioteca Nacional, Ciudad de Buenos Aires, Argentinien</subfield>
            <subfield code="u">http://www.bn.gov.ar/</subfield>
        </datafield>
    </record>