
    <record>
        <leader>00000nz  a2200169   4500</leader>
        <controlfield tag="001">30076513</controlfield>
        <controlfield tag="003">RISM</controlfield>
        <controlfield tag="005">20160216</controlfield>
        <controlfield tag="008">160216n||az|||||||##########||||||||||||</controlfield>
        <datafield tag="040" ind1=" " ind2=" ">
            <subfield code="a">RA-SCc</subfield>
        </datafield>
        <datafield tag="043" ind1=" " ind2=" ">
            <subfield code="c">XD-AR</subfield>
        </datafield>
        <datafield tag="110" ind1="2" ind2=" ">
            <subfield code="a">Convento de Santa Catalina, Archivo</subfield>
            <subfield code="c">Santa Catalina (Córdoba)</subfield>
            <subfield code="g">RA-SCc</subfield>
        </datafield>
        <datafield tag="622" ind1=" " ind2=" ">
            <subfield code="e">Convento de Santa Catalina, Archivo, Obispo Trejo, s/n Ń 5012, X5825 Santa Catalina, Argentinien</subfield>
        </datafield>
    </record>
</collection>

